@ARTICLE{
	STFT,
	AUTHOR = "ALLEN, J. B. and  RABINER, L. R.",
	TITLE = "Unified Approach to Short-Time Fourier
Analysis and Synthesis",
	JOURNAL = "Proc. IEEE",
	VOLUME = "65",
	YEAR = "1977",
	PAGES = "1558–1564",}	

@ARTICLE{
	NaturalICA,
	AUTHOR = "AMARI, S. and  CICHOCKI, A. and  YANG, H. H.",
	TITLE = "A New Learning Algorithm for Blind Signal Separation",
	JOURNAL = "Advances in Neural Information Processing Systems.",
	VOLUME = "8",
	YEAR = "1996",
	PAGES = "757–763",}	

@ARTICLE{
	Riemenn,
	AUTHOR = "AMARI, S.",
	TITLE = "Natural Gradient Works Efficiently in Learning",
	JOURNAL = "Neural Computation",
	VOLUME = "10",
	YEAR = "1998.",
	PAGES = "251–276",}
	
	@ARTICLE{
	trinicon,
	AUTHOR = "BUCHNER, H. and  AICHNER, R. and  KELLERMANN, W.",
	TITLE = "TRINICON: A versatile framework for multichannel blind signal processing",
	JOURNAL = "Acoustics, Speech, and Signal Processing",
	YEAR = "2004.",}

@ARTICLE{
	easi,
	AUTHOR = "CARDOSO, J.-F. and  LAHELD, B. H.",
	TITLE = "Equivariant adaptive source separation",
	JOURNAL = "IEEE Transactions on Signal Processing",
	YEAR = "1996.",}


@ARTICLE{
	JADE,
	AUTHOR = "CARDOSO, J.-F. and  SOULOUMIAC, A.",
	TITLE = "Jacobi Angles for Simultaneos Diagonalization.",
	JOURNAL = "SIAM Journal of Matrix Analysis and Applications",
	VOLUME = "17(1)",
	YEAR = "1996",
	PAGES = "161–164",}	
	
@ARTICLE{
	fastica1,
	AUTHOR = "HYVÄRINEN, A.",
	TITLE = "Fast and Robust Fixed-Point Algorithms for Independent Component Analysis.",
	JOURNAL = "IEEE Transactions on Neural Networks",
	VOLUME = "10",
	YEAR = "1999",
	PAGES = "626–634",}	
	
@ARTICLE{
	fastica2,
	AUTHOR = "HYVÄRINEN, A. and  OJA, E.",
	TITLE = "Independent Component Analysis: A New Concept?",
	JOURNAL = "Signal Processing",
	VOLUME = "36",
	YEAR = "1994",
	PAGES = "287–314",}	
	
@ARTICLE{
	fastica3,
	AUTHOR = "HYVÄRINEN, A. and  OJA, E.",
	TITLE = "Independent component analysis: Algorithms and applications",
	JOURNAL = "Neural Network",
	VOLUME = "13",
	YEAR = "2000",
	PAGES = "411-430",}
	
@ARTICLE{
	fasticaebm,
	AUTHOR = "Li, X.L. and  ADAH, T.",
	TITLE = "Complex Independent Component Analysis by
Entropy Bound Minimization",
	JOURNAL = "Proc. IEEE",
	VOLUME = "13",
	YEAR = "2010",
	PAGES = "411-430",}	


@ARTICLE{
	ICAML,
	AUTHOR = "BELL, A. J. and  SEJNOWSKI, T. J.",
	TITLE = "An Information-Maximization Approach to
Blind Separation and Blind Deconvolution",
	JOURNAL = "Neural Computation",
	VOLUME = "7",
	YEAR = "1995",
	PAGES = "1129–1159",}	

@ARTICLE{
	ICA3,
	AUTHOR = "CARDOSO, J.-F.",
	TITLE = "Blind Signal Separation: Statistical Principles.",
	JOURNAL = "Proc. IEEE",
	VOLUME = "86",
	YEAR = "1998",
	PAGES = "2009–2025",}	

@ARTICLE{
	holonomic,
	AUTHOR = "AMARI, S. and  CHEN, T. P. and  CICHOCKI, A.",
	TITLE = "Nonholonomic Orthogonal Learning Algorithm for Blind Source Separation",
	JOURNAL = "Neural Computation",
	VOLUME = "12",
	YEAR = "2000",
	PAGES = "1463–1484",}	
	
	
@ARTICLE{
	performance,
	AUTHOR = "VINCENT, E. and  GRIBONVAL, R., FÉVOTTE, C.",
	TITLE = "Performance Measurement in Blind Audio Source Separation",
	JOURNAL = "IEEE Trans. Audio, Speech, Language Proc.",
	VOLUME = "14",
	YEAR = "2006",
	PAGES = "1462–1469",}	

@ARTICLE{
	simulation,
	AUTHOR = "LEHMANN, E. A. and  JOHANSSON, A. M.",
	TITLE = "Prediction of Energy Decay in Room Impulse Responses Simulated with an Image-Source Model",
	JOURNAL = "The Journal of the Acoustic Society of America",
	VOLUME = "124",
	YEAR = "2008",
	PAGES = "269–277",}	
	
@ARTICLE{
	Comon,
	AUTHOR = "COMON, P.",
	TITLE = "Independent Component Analysis: A New Concept?",
	JOURNAL = "Signal Processing",
	VOLUME = "36",
	YEAR = "1994",
	PAGES = "287–314",}	

@ARTICLE{
	entropymaximum,
	AUTHOR = "LI, X.-L. and  ADALI, T.",
	TITLE = "A novel entropy estimator and its application to ICA",
	JOURNAL = "Proc. IEEE Workshop Mach. Learn. Signal Process.",
	YEAR = "2009",
	PAGES = "1–6",}	

@ARTICLE{
	cocktail,
	AUTHOR = "ARONS, B.",
	TITLE = "Techniques, perception, and applications of time-compressed speech",
	JOURNAL = "American Voice I/O Society Conference",
	YEAR = "1992",
	PAGES = "169-177",}	
	
@MASTERSTHESIS{
  LuizVictorio,
  AUTHOR = "LAPORTE, V. M. L.",
	TITLE = "Algoritmos de Separação Cega de Sinais de Áudio no Domínio da Frequência: Estudo e Comparações.",
	SCHOOL = "Universidade Federal do Rio de Janeiro",
	YEAR = "2010",
	MONTH = "Outubro",}

@MASTERSTHESIS{
  LeonardoTomazeli,
  AUTHOR = "DUARTE, T. L.",
	TITLE = "Um Estudo sobre Separação Cega de Fontes e Contribuições ao Caso de Misturas Não-lineares",
	SCHOOL = "Universidade Estadual de Campinas",
	YEAR = "2006",
	MONTH = "Agosto",}

@BOOK{
	HOS,
	AUTHOR = "NIKIAS, C. and  PETROPULU, P. A.",
	TITLE = "Higher Order Spectra Analysis: A Non-Linear Signal Processing Framework",
	PUBLISHER = "Prentice Hall",
	YEAR = "1993",}
	
@BOOK{
	cetrallimit,
	AUTHOR = "PAPOULIS, A.",
	TITLE = "Probability, Random Variables and Stochastic Processes",
	PUBLISHER = "Mc-Graw Hill",
	YEAR = "1991",}

@BOOK{
	signalprocessing,
	AUTHOR = "PROAKIS, J. G. and  MANOLAKIS, D. G.",
	TITLE = "Digital Signal Processing: Principles, Algorithms and Applications",
	PUBLISHER = "Prentice Hall",
	YEAR = "2006",}
	
@BOOK{
	entropy,
	AUTHOR = "THOMAS, A. J. and  COVER, M. T.",
	TITLE = "John Wiley & Sons, INC",
	PUBLISHER = "Prentice Hall",
	YEAR = "1991",}
	
@BOOK{
	haykin,
	AUTHOR = "HAYKIN, S.",
	TITLE = "Adaptive Filter Theory",
	PUBLISHER = "Prentice Hall",
	YEAR = "1996",}
	
@BOOK{
	ICA,
	AUTHOR = "HYVÄRINEN, A. and  KARHUNEN, J. and  OJA, E.",
	TITLE = "Independent Component Analysis",
	PUBLISHER = "John Wiley & Sons, INC",
	YEAR = "2001",
	}

@ARTICLE{
	ML,
	AUTHOR = "N. DELFOSSE and  P. LOUBATON",
	TITLE = "Adaptative Blind Separation of Independent Sources: A Deflation Approach",
	JOURNAL = "Signal Processing",
	VOLUME = "45",
	YEAR = "1995",
	PAGES = "59–83",}	

@ARTICLE{
	real,
	AUTHOR = "SMARAGDIS, P.",
	TITLE = "Blind Separation of Convolved Mixtures in the Frequency Domain",
	JOURNAL = "Neurocomputing,",
	VOLUME = "22",
	YEAR = "1998",
	PAGES = "21–34",}	
	
@ARTICLE{
	french,
	AUTHOR = "HÉRAULT, J. and  JUTTEN, C. and  ANS, B.",
	TITLE = "Détection de grandeurs primitives dans un message composite par une architecture de calcul neuromimétique en apprentissage non supervisé",
	JOURNAL = "10 Colloque sur le traitement du signal et des images",
	YEAR = "1985",}	

	